@book{clay_2009,
  author    = {Clay P. Breshears},
  title     = {The Art of Concurrency - A Thread Monkey's Guide to Writing
               Parallel Applications},
  publisher = {O'Reilly},
  year      = {2009},
  isbn      = {978-0-596-52153-0},
  pages     = {I-XIII, 1-285},
  ee        = {http://www.oreilly.de/catalog/9780596521530/index.html},
  bibsource = {DBLP, http://dblp.uni-trier.de}
}

@article{juampi,
  author    = {Juan P. Sandoval A.},
  title     = {Collection Promises},
  publisher = {ACM Digital Library},
  year      = {2009},
  isbn      = {978-0-596-52153-0},
}